<record><leader>00000cas a2200000 a 4500</leader><controlfield tag="001">13868284</controlfield><controlfield tag="008">860715c19679999kyuwr ne      0    0eng d</controlfield><datafield ind1=" " ind2=" " tag="010"><subfield code="a">sn 86069270 </subfield></datafield><datafield ind1=" " ind2=" " tag="040"><subfield code="a">KNP</subfield><subfield code="b">eng</subfield><subfield code="c">KNP</subfield><subfield code="d">OCL</subfield><subfield code="d">OCLCQ</subfield><subfield code="d">KYUBL</subfield><subfield code="d">OCLCF</subfield><subfield code="d">OCLCO</subfield></datafield><datafield ind1="1" ind2=" " tag="029"><subfield code="a">AU@</subfield><subfield code="b">000022171633</subfield></datafield><datafield ind1=" " ind2=" " tag="042"><subfield code="a">msc</subfield></datafield><datafield ind1="0" ind2="4" tag="245"><subfield code="a">The LaRue County herald news.</subfield></datafield><datafield ind1="3" ind2="0" tag="246"><subfield code="a">Herald news</subfield></datafield><datafield ind1=" " ind2=" " tag="260"><subfield code="a">Hodgenville, Ky. :</subfield><subfield code="b">Mrs. E.W. Creal,</subfield><subfield code="c">1967-</subfield></datafield><datafield ind1=" " ind2=" " tag="300"><subfield code="a">v. :</subfield><subfield code="b">ill.</subfield></datafield><datafield ind1=" " ind2=" " tag="310"><subfield code="a">Weekly</subfield></datafield><datafield ind1="0" ind2=" " tag="362"><subfield code="a">Vol. 82, no. 41 (Mar. 23, 1967)-</subfield></datafield><datafield ind1=" " ind2="4" tag="651"><subfield code="a">Hodgenville (Ky.)</subfield><subfield code="v">Newspapers.</subfield></datafield><datafield ind1=" " ind2="4" tag="651"><subfield code="a">Larue County (Ky.)</subfield><subfield code="v">Newspapers.</subfield></datafield><datafield ind1=" " ind2="0" tag="651"><subfield code="a">Hodgenville (Ky.)</subfield><subfield code="x">Newspapers.</subfield></datafield><datafield ind1=" " ind2="0" tag="651"><subfield code="a">Larue County (Ky.)</subfield><subfield code="x">Newspapers.</subfield></datafield><datafield ind1=" " ind2="7" tag="655"><subfield code="a">Newspapers.</subfield><subfield code="2">fast</subfield><subfield code="0">(OCoLC)fst01423814</subfield></datafield><datafield ind1=" " ind2="7" tag="651"><subfield code="a">Kentucky</subfield><subfield code="z">Hodgenville.</subfield><subfield code="2">fast</subfield><subfield code="0">(OCoLC)fst01230681</subfield></datafield><datafield ind1=" " ind2="7" tag="651"><subfield code="a">Kentucky</subfield><subfield code="z">Larue County.</subfield><subfield code="2">fast</subfield><subfield code="0">(OCoLC)fst01223188</subfield></datafield><datafield ind1=" " ind2=" " tag="752"><subfield code="a">United States</subfield><subfield code="b">Kentucky</subfield><subfield code="c">LaRue</subfield><subfield code="d">Hodgenville.</subfield></datafield><datafield ind1="0" ind2="0" tag="780"><subfield code="t">Herald-news (Hodgenville, Ky.)</subfield><subfield code="w">(DLC)sn 86069268</subfield></datafield></record>